@inproceedings{NW06,
  author    = {Turlough Neary and
               Damien Woods},
  title     = {P-completeness of Cellular Automaton Rule 110},
  booktitle = {Automata, Languages and Programming, 33rd International Colloquium,
               {ICALP} 2006, Venice, Italy, July 10-14, 2006, Proceedings, Part {I}},
  pages     = {132--143},
  year      = {2006},
  crossref  = {DBLP:conf/icalp/2006-1},
  url       = {https://doi.org/10.1007/11786986\_13},
  doi       = {10.1007/11786986\_13},
  timestamp = {Fri, 02 Jun 2017 13:01:07 +0200},
  biburl    = {https://dblp.org/rec/bib/conf/icalp/NearyW06},
  bibsource = {dblp computer science bibliography, https://dblp.org}
}
@proceedings{DBLP:conf/icalp/2006-1,
  editor    = {Michele Bugliesi and
               Bart Preneel and
               Vladimiro Sassone and
               Ingo Wegener},
  title     = {Automata, Languages and Programming, 33rd International Colloquium,
               {ICALP} 2006, Venice, Italy, July 10-14, 2006, Proceedings, Part {I}},
  series    = {Lecture Notes in Computer Science},
  volume    = {4051},
  publisher = {Springer},
  year      = {2006},
  url       = {https://doi.org/10.1007/11786986},
  doi       = {10.1007/11786986},
  isbn      = {3-540-35904-4},
  timestamp = {Fri, 02 Jun 2017 13:01:07 +0200},
  biburl    = {https://dblp.org/rec/bib/conf/icalp/2006-1},
  bibsource = {dblp computer science bibliography, https://dblp.org}
}
@book{wolfram1986theory,
    title={Theory and applications of cellular automata: including selected
        papers 1983-1986},
    author={Wolfram, Stephen},
    year={1986},
    publisher={World scientific}
}
@article{cook2004universality,
    title={Universality in elementary cellular automata},
    author={Cook, Matthew},
    journal={Complex systems},
    volume={15},
    number={1},
    pages={1--40},
    year={2004},
    publisher={[Champaign, IL, USA: Complex Systems
        Publications, Inc., c1987-}
}
@misc{Scilla,
title = {Scilla: a {S}mart {C}ontract {I}ntermediate-{L}evel {LA}nguage},
author = {Ilya Sergey, Amrit Kumar, Aquinas Hobor},
year = {2018},
Eprint = {arXiv:1806.10116},
note = {\url{https://arxiv.org/abs/1801.00687}},
}
@misc{CKM18,
Author = {Alexander Chepurnoy and Vasily Kharin and Dmitry Meshkov},
Title = {Self-Reproducing Coins as Universal Turing Machine},
Year = {2018},
Eprint = {arXiv:1806.10116},
note = {\url{https://arxiv.org/abs/1806.10116}},
}
@misc{Nol13,
author={Tier Nolan},
title = {Alt chains and atomic transfers},
url={https://bitcointalk.org/index.php?topic=193281.msg2224949#msg2224949},
year = 2013
}
@phdthesis{Cra96,
author = {Ronald Cramer},
title = {Modular Design of Secure, yet Practical Cryptographic Protocols},
school = {University of Amsterdam},
year = 1996
}

@misc{Dam10,
author = {Ivan Damg{\aa}rd},
title = {{On $\Sigma$-Protocols}},
year = 2010,
note = {\url{http://www.cs.au.dk/~ivan/Sigma.pdf}}
}


@book{HL10,
author= {Carmit Hazay and Yehuda Lindell},
title = {Efficient Secure Two-Party Protocols: Techniques and Constructions},
year = 2010,
publisher = {Springer}
}


@inproceedings{CL06,
  author    = {Melissa Chase and
               Anna Lysyanskaya},
  title     = {On Signatures of Knowledge},
  booktitle = {Advances in Cryptology - {CRYPTO} 2006, 26th Annual International
               Cryptology Conference, Santa Barbara, California, USA, August 20-24,
               2006, Proceedings},
  pages     = {78--96},
  year      = {2006},
  crossref  = {DBLP:conf/crypto/2006},
  url       = {https://doi.org/10.1007/11818175\_5},
  doi       = {10.1007/11818175\_5},
  timestamp = {Fri, 02 Jun 2017 13:01:07 +0200},
  biburl    = {https://dblp.org/rec/bib/conf/crypto/ChaseL06},
  bibsource = {dblp computer science bibliography, https://dblp.org}
}
@proceedings{DBLP:conf/crypto/2006,
  editor    = {Cynthia Dwork},
  title     = {Advances in Cryptology - {CRYPTO} 2006, 26th Annual International
               Cryptology Conference, Santa Barbara, California, USA, August 20-24,
               2006, Proceedings},
  series    = {Lecture Notes in Computer Science},
  volume    = {4117},
  publisher = {Springer},
  year      = {2006},
  url       = {https://doi.org/10.1007/11818175},
  doi       = {10.1007/11818175},
  isbn      = {3-540-37432-9},
  timestamp = {Fri, 02 Jun 2017 13:01:07 +0200},
  biburl    = {https://dblp.org/rec/bib/conf/crypto/2006},
  bibsource = {dblp computer science bibliography, https://dblp.org}
}

@Article{Sch91,
  author =       "Claus-Peter Schnorr",
  title =        "Efficient Signature Generation by Smart Cards",
  pages =        "161--174",
  volume =       4,
  month =        "",
  publisher =    "Springer",
  year =         1991,
  journal =      "Journal of Cryptology",
  number =       3,
}
@book{rfc8032,
author={S. Josefsson and I. Liusvaara},
title={{RFC} 8032: Edwards-Curve Digital Signature Algorithm ({EdDSA})},
publisher={IETF},
year=2017,
note={\url{https://tools.ietf.org/html/rfc8032}},
}
@inproceedings{CDS94,
  author    = {Ronald Cramer and
               Ivan Damg{\aa}rd and
               Berry Schoenmakers},
  title     = {Proofs of Partial Knowledge and Simplified Design of Witness Hiding
               Protocols},
  booktitle = {Advances in Cryptology - {CRYPTO} '94, 14th Annual International Cryptology
               Conference, Santa Barbara, California, USA, August 21-25, 1994, Proceedings},
  pages     = {174--187},
  year      = {1994},
  crossref  = {DBLP:conf/crypto/1994},
  url       = {https://doi.org/10.1007/3-540-48658-5_19},
  doi       = {10.1007/3-540-48658-5_19},
  timestamp = {Sat, 20 May 2017 15:32:52 +0200},
  biburl    = {https://dblp.org/rec/bib/conf/crypto/CramerDS94},
  bibsource = {dblp computer science bibliography, https://dblp.org},
note = {\url{http://www.win.tue.nl/~berry/papers/crypto94.pdf}}
}
@proceedings{DBLP:conf/crypto/1994,
  editor    = {Yvo Desmedt},
  title     = {Advances in Cryptology - {CRYPTO} '94, 14th Annual International Cryptology
               Conference, Santa Barbara, California, USA, August 21-25, 1994, Proceedings},
  series    = {Lecture Notes in Computer Science},
  volume    = {839},
  publisher = {Springer},
  year      = {1994},
  url       = {https://doi.org/10.1007/3-540-48658-5},
  doi       = {10.1007/3-540-48658-5},
  isbn      = {3-540-58333-5},
  timestamp = {Sat, 20 May 2017 15:32:52 +0200},
  biburl    = {https://dblp.org/rec/bib/conf/crypto/1994},
  bibsource = {dblp computer science bibliography, https://dblp.org}
}
@techreport{ourPaperFull,
  author    = {Leonid Reyzin and
               Dmitry Meshkov and
               Alexander Chepurnoy and
               Sasha Ivanov},
  title     = {Improving Authenticated Dynamic Dictionaries, with Applications to
               Cryptocurrencies},
  institution   = {{IACR} Cryptology ePrint Archive},
  number    = {2016/994},
  year = 2016,
  note       = {\url{http://eprint.iacr.org/2016/994}},
}

@misc{peterToddTrees,
title = {Making {UTXO} Set Growth Irrelevant With Low-Latency Delayed {TXO} Commitments},
author = {Peter Todd},
year = 2016,
note = {\url{https://petertodd.org/2016/delayed-txo-commitments}},
}
@misc{tendermint,
author={Jae Kwon},
title={Tendermint Go-Merkle},
note={\url{https://github.com/tendermint/go-merkle}},
year=2016
}

@article{BDLSY12,
  author    = {Daniel J. Bernstein and
               Niels Duif and
               Tanja Lange and
               Peter Schwabe and
               Bo{-}Yin Yang},
  title     = {High-speed high-security signatures},
  journal   = {J. Cryptographic Engineering},
  volume    = {2},
  number    = {2},
  pages     = {77--89},
  year      = {2012},
  url       = {http://dx.doi.org/10.1007/s13389-012-0027-1},
  doi       = {10.1007/s13389-012-0027-1},
  timestamp = {Tue, 30 Oct 2012 13:34:04 +0100},
  biburl    = {http://dblp.uni-trier.de/rec/bib/journals/jce/BernsteinDLSY12},
  bibsource = {dblp computer science bibliography, http://dblp.org},
  note = {Avialable at \url{https://ed25519.cr.yp.to/}}
}


@misc{Mil12,
author = {Andrew Miller},
title = {Storing {UTXOs} in a Balanced {Merkle} Tree (zero-trust nodes with {O}(1)-storage)},
note = {\url{https://bitcointalk.org/index.php?topic=101734.msg1117428}},
year = 2012
}

@misc{utxo,
author = {Jameson Lopp},
title = {Unspent Transactions Outputs in {B}itcoin},
note = {\url{http://statoshi.info/dashboard/db/unspent-transaction-output-set}, accessed Nov 7, 2016}
}

@misc{gzip,
key={gzip},
author={{Jean-loup} Gailly and Mark Adler},
title={{gzip}},
note={\url{http://www.gzip.org/}}
}

@misc{Mil16,
author = {Andrew Miller},
title = {Private Communication},
year = 2016
}

@inproceedings{Rog06,
  author    = {Phillip Rogaway},
  title     = {Formalizing Human Ignorance},
  booktitle = {Progress in Cryptology - {VIETCRYPT} 2006, First International Conferenceon
               Cryptology in Vietnam, Hanoi, Vietnam, September 25-28, 2006, Revised
               Selected Papers},
  pages     = {211--228},
  year      = {2006},
  crossref  = {DBLP:conf/vietcrypt/2006},
  url       = {http://dx.doi.org/10.1007/11958239_14},
  doi       = {10.1007/11958239_14},
  timestamp = {Fri, 06 Mar 2015 14:11:06 +0100},
  biburl    = {http://dblp.uni-trier.de/rec/bib/conf/vietcrypt/Rogaway06},
  bibsource = {dblp computer science bibliography, http://dblp.org},
  note = {Available at \url{https://eprint.iacr.org/2006/281.pdf}}
}
@proceedings{DBLP:conf/vietcrypt/2006,
  editor    = {Phong Q. Nguyen},
  title     = {Progressin Cryptology - {VIETCRYPT} 2006, First International Conferenceon
               Cryptology in Vietnam, Hanoi, Vietnam, September 25-28, 2006, Revised
               Selected Papers},
  series    = {Lecture Notes in Computer Science},
  volume    = {4341},
  publisher = {Springer},
  year      = {2006},
  url       = {http://dx.doi.org/10.1007/11958239},
  doi       = {10.1007/11958239},
  isbn      = {3-540-68799-8},
  timestamp = {Fri, 06 Mar 2015 14:11:06 +0100},
  biburl    = {http://dblp.uni-trier.de/rec/bib/conf/vietcrypt/2006},
  bibsource = {dblp computer science bibliography, http://dblp.org}
}

@book{Knu98v3,
author ={Knuth, Donald},
title={The Art of Computer Programming: Volume 3: Sorting and Searching},
edition={2nd},
publisher={Addison-Wesley},
year = 1998
}

@misc{ethereum-benchmark,
key={eth},
title = {Transactions Per Block},
note = {\url{https://github.com/ethereum/wiki/wiki/Benchmarks}}
}


@misc{tbp,
key={tbp},
title = {Transactions Per Block},
note = {\url{https://blockchain.info/charts/n-transactions-per-block}}
}

@misc{spv,
key = {spv},
title={{SPV}, Simplified Payment Verification},
note = {\url{https://bitcoin.org/en/glossary/simplified-payment-verification}}
}

@inproceedings{EK13,
  author    = {Mohammad Etemad and
               Alptekin K{\"{u}}p{\c{c}}{\"{u}}},
  title     = {Database Outsourcing with Hierarchical Authenticated Data Structures},
  booktitle = {Information Security and Cryptology - {ICISC} 2013 - 16th International
               Conference, Seoul, Korea, November 27-29, 2013, Revised Selected Papers},
  pages     = {381--399},
  year      = {2013},
  crossref  = {DBLP:conf/icisc/2013},
  url       = {http://dx.doi.org/10.1007/978-3-319-12160-4_23},
  doi       = {10.1007/978-3-319-12160-4_23},
  timestamp = {Wed, 22 Oct 2014 16:56:48 +0200},
  biburl    = {http://dblp.uni-trier.de/rec/bib/conf/icisc/EtemadK13},
  bibsource = {dblp computer science bibliography, http://dblp.org},
  note = {Available at \url{http://eprint.iacr.org/2015/351}}
}
@proceedings{DBLP:conf/icisc/2013,
  editor    = {Hyang{-}Sook Lee and
               Dong{-}Guk Han},
  title     = {Information Security and Cryptology - {ICISC} 2013 - 16th International
               Conference, Seoul, Korea, November 27-29, 2013, Revised Selected Papers},
  series    = {Lecture Notes in Computer Science},
  volume    = {8565},
  publisher = {Springer},
  year      = {2014},
  url       = {http://dx.doi.org/10.1007/978-3-319-12160-4},
  doi       = {10.1007/978-3-319-12160-4},
  isbn      = {978-3-319-12159-8},
  timestamp = {Wed, 22 Oct 2014 16:55:58 +0200},
  biburl    = {http://dblp.uni-trier.de/rec/bib/conf/icisc/2013},
  bibsource = {dblp computer science bibliography, http://dblp.org}
}
@inproceedings{BP07,
  author    = {Giuseppe Di Battista and
               Bernardo Palazzi},
  title     = {Authenticated Relational Tables and Authenticated Skip Lists},
  booktitle = {Data and Applications Security XXI, 21st Annual {IFIP} {WG} 11.3 Working
               Conference on Data and Applications Security, Redondo Beach, CA, USA,
               July 8-11, 2007, Proceedings},
  pages     = {31--46},
  year      = {2007},
  crossref  = {DBLP:conf/dbsec/2007},
  url       = {http://dx.doi.org/10.1007/978-3-540-73538-0_3},
  doi       = {10.1007/978-3-540-73538-0_3},
  timestamp = {Tue, 30 Jun 2015 09:52:18 +0200},
  biburl    = {http://dblp.uni-trier.de/rec/bib/conf/dbsec/BattistaP07},
  bibsource = {dblp computer science bibliography, http://dblp.org},
  note = {Available at \url{http://www.ece.umd.edu/~cpap/published/alex-ber-cpap-rt-08b.pdf}}
}
@proceedings{DBLP:conf/dbsec/2007,
  editor    = {Steve Barker and
               Gail{-}Joon Ahn},
  title     = {Data and Applications Security XXI, 21st Annual {IFIP} {WG} 11.3 Working
               Conference on Data and Applications Security, Redondo Beach, CA, USA,
               July 8-11, 2007, Proceedings},
  series    = {Lecture Notes in Computer Science},
  volume    = {4602},
  publisher = {Springer},
  year      = {2007},
  isbn      = {978-3-540-73533-5},
  timestamp = {Tue, 30 Jun 2015 09:52:18 +0200},
  biburl    = {http://dblp.uni-trier.de/rec/bib/conf/dbsec/2007},
  bibsource = {dblp computer science bibliography, http://dblp.org}
}

@inproceedings{HPPT08,
  author    = {Alexander Heitzmann and
               Bernardo Palazzi and
               Charalampos Papamanthou and
               Roberto Tamassia},
  title     = {Efficient integrity checking of untrusted network storage},
  booktitle = {Proceedings of the 2008 {ACM} Workshop On Storage Security And Survivability,
               StorageSS 2008, Alexandria, VA, USA, October 31, 2008},
  pages     = {43--54},
  year      = {2008},
  crossref  = {DBLP:conf/storagess/2008},
  url       = {http://doi.acm.org/10.1145/1456469.1456479},
  doi       = {10.1145/1456469.1456479},
  timestamp = {Tue, 11 Nov 2008 13:01:27 +0100},
  biburl    = {http://dblp.uni-trier.de/rec/bib/conf/storagess/HeitzmannPPT08},
  bibsource = {dblp computer science bibliography, http://dblp.org},
  note = {Available at \url{http://www.ece.umd.edu/~cpap/published/alex-ber-cpap-rt-08b.pdf}}
}
@proceedings{DBLP:conf/storagess/2008,
  editor    = {Yongdae Kim and
               William Yurcik},
  title     = {Proceedings of the 2008 {ACM} Workshop On Storage Security And Survivability,
               StorageSS 2008, Alexandria, VA, USA, October 31, 2008},
  publisher = {{ACM}},
  year      = {2008},
  isbn      = {978-1-60558-299-3},
  timestamp = {Tue, 11 Nov 2008 12:59:27 +0100},
  biburl    = {http://dblp.uni-trier.de/rec/bib/conf/storagess/2008},
  bibsource = {dblp computer science bibliography, http://dblp.org}
}

@inproceedings{GPTT08,
  author    = {Michael T. Goodrich and
               Charalampos Papamanthou and
               Roberto Tamassia and
               Nikos Triandopoulos},
  title     = {Athos: Efficient Authentication of Outsourced File Systems},
  booktitle = {Information Security, 11th International Conference, {ISC} 2008, Taipei,
               Taiwan, September 15-18, 2008. Proceedings},
  pages     = {80--96},
  year      = {2008},
  crossref  = {DBLP:conf/isw/2008},
  url       = {http://dx.doi.org/10.1007/978-3-540-85886-7_6},
  doi       = {10.1007/978-3-540-85886-7_6},
  timestamp = {Mon, 22 Sep 2008 15:16:10 +0200},
  biburl    = {http://dblp.uni-trier.de/rec/bib/conf/isw/GoodrichPTT08},
  bibsource = {dblp computer science bibliography, http://dblp.org},
 note = {Available at \url{http://www.ece.umd.edu/~cpap/published/mtg-cpap-rt-nikos-08.pdf}}
}
@proceedings{DBLP:conf/isw/2008,
  editor    = {Tzong{-}Chen Wu and
               Chin{-}Laung Lei and
               Vincent Rijmen and
               Der{-}Tsai Lee},
  title     = {Information Security, 11th International Conference, {ISC} 2008, Taipei,
               Taiwan, September 15-18, 2008. Proceedings},
  series    = {Lecture Notes in Computer Science},
  volume    = {5222},
  publisher = {Springer},
  year      = {2008},
  isbn      = {978-3-540-85884-3},
  timestamp = {Mon, 22 Sep 2008 15:14:53 +0200},
  biburl    = {http://dblp.uni-trier.de/rec/bib/conf/isw/2008},
  bibsource = {dblp computer science bibliography, http://dblp.org}
}
}
@article{Pug90,
  author    = {William Pugh},
  title     = {Skip Lists: {A} Probabilistic Alternative to Balanced Trees},
  journal   = {Commun. {ACM}},
  volume    = {33},
  number    = {6},
  pages     = {668--676},
  year      = {1990},
  url       = {http://doi.acm.org/10.1145/78973.78977},
  doi       = {10.1145/78973.78977},
  timestamp = {Tue, 07 Jun 2011 16:52:04 +0200},
  biburl    = {http://dblp.uni-trier.de/rec/bib/journals/cacm/Pugh90},
  bibsource = {dblp computer science bibliography, http://dblp.org},
  note = {Available from \url{http://citeseer.ist.psu.edu/viewdoc/summary?doi=10.1.1.15.9072}}
}

@phdthesis{Pap11,
author = {Charalampos Papamanthou},
title = {Cryptography for Efficiency: New Directions in Authenticated Data Structures},
school = {Brown University},
year = 2011,
note = {Available at \url{http://www.ece.umd.edu/~cpap/published/theses/cpap-phd.pdf}}
}

@inproceedings{GSTW03,
  author    = {Michael T. Goodrich and
               Michael Shin and
               Roberto Tamassia and
               William H. Winsborough},
  title     = {Authenticated Dictionaries for Fresh Attribute Credentials},
  booktitle = {Trust Management, First International Conference, iTrust 2003, Heraklion,
               Crete, Greece, May 28-30, 2002, Proceedings},
  pages     = {332--347},
  year      = {2003},
  crossref  = {DBLP:conf/itrust/2003},
  url       = {http://dx.doi.org/10.1007/3-540-44875-6_24},
  doi       = {10.1007/3-540-44875-6_24},
  timestamp = {Tue, 05 Jul 2011 11:07:29 +0200},
  biburl    = {http://dblp.uni-trier.de/rec/bib/conf/itrust/GoodrichSTW03},
  bibsource = {dblp computer science bibliography, http://dblp.org},
  note = {Available at \url{http://cs.brown.edu/cgc/stms/papers/itrust2003.pdf}}
}
@proceedings{DBLP:conf/itrust/2003,
  editor    = {Paddy Nixon and
               Sotirios Terzis},
  title     = {Trust Management, First International Conference, iTrust 2003, Heraklion,
               Crete, Greece, May 28-30, 2002, Proceedings},
  series    = {Lecture Notes in Computer Science},
  volume    = {2692},
  publisher = {Springer},
  year      = {2003},
  isbn      = {3-540-40224-1},
  timestamp = {Fri, 30 May 2003 15:06:43 +0200},
  biburl    = {http://dblp.uni-trier.de/rec/bib/conf/itrust/2003},
  bibsource = {dblp computer science bibliography, http://dblp.org}
}

@article{CLHML15,
  author    = {Xiaofeng Chen and
               Jin Li and
               Xinyi Huang and
               Jianfeng Ma and
               Wenjing Lou},
  title     = {New Publicly Verifiable Databases with Efficient Updates},
  journal   = {{IEEE} Trans. Dependable Sec. Comput.},
  volume    = {12},
  number    = {5},
  pages     = {546--556},
  year      = {2015},
  url       = {http://dx.doi.org/10.1109/TDSC.2014.2366471},
  doi       = {10.1109/TDSC.2014.2366471},
  timestamp = {Thu, 21 Jul 2016 12:12:02 +0200},
  biburl    = {http://dblp.uni-trier.de/rec/bib/journals/tdsc/0001LHML15},
  bibsource = {dblp computer science bibliography, http://dblp.org}
}
@article{CLWML16,
  author    = {Xiaofeng Chen and
               Jin Li and
               Jian Weng and
               Jianfeng Ma and
               Wenjing Lou},
  title     = {Verifiable Computation over Large Database with Incremental Updates},
  journal   = {{IEEE} Trans. Computers},
  volume    = {65},
  number    = {10},
  pages     = {3184--3195},
  year      = {2016},
  url       = {http://dx.doi.org/10.1109/TC.2015.2512870},
  doi       = {10.1109/TC.2015.2512870},
  timestamp = {Mon, 19 Sep 2016 15:58:56 +0200},
  biburl    = {http://dblp.uni-trier.de/rec/bib/journals/tc/00010WML16},
  bibsource = {dblp computer science bibliography, http://dblp.org}
}
homebrowsesearchabout


@article{MWMS16,
title = {Publicly verifiable databases with efficient insertion/deletion operations},
author = {Meixia Miao and Jianfeng Wang and Jianfeng Ma and Willy Susilo},
year = 2016,
journal = {Journal of Computer and System Sciences},
note = {Available on-line at \url{http://dx.doi.org/10.1016/j.jcss.2016.07.005}. To appearn in print.}
}

@inproceedings{BGV11,
  author    = {Siavosh Benabbas and
               Rosario Gennaro and
               Yevgeniy Vahlis},
  title     = {Verifiable Delegation of Computation over Large Datasets},
  booktitle = {Advances in Cryptology - {CRYPTO} 2011 - 31st Annual Cryptology Conference,
               Santa Barbara, CA, USA, August 14-18, 2011. Proceedings},
  pages     = {111--131},
  year      = {2011},
  crossref  = {DBLP:conf/crypto/2011},
  url       = {http://dx.doi.org/10.1007/978-3-642-22792-9_7},
  doi       = {10.1007/978-3-642-22792-9_7},
  timestamp = {Mon, 15 Aug 2011 21:29:40 +0200},
  biburl    = {http://dblp.uni-trier.de/rec/bib/conf/crypto/BenabbasGV11},
  bibsource = {dblp computer science bibliography, http://dblp.org},
  note = {Available at \url{http://eprint.iacr.org/2011/132}}
}
@proceedings{DBLP:conf/crypto/2011,
  editor    = {Phillip Rogaway},
  title     = {Advances in Cryptology - {CRYPTO} 2011 - 31st Annual Cryptology Conference,
               Santa Barbara, CA, USA, August 14-18, 2011. Proceedings},
  series    = {Lecture Notes in Computer Science},
  volume    = {6841},
  publisher = {Springer},
  year      = {2011},
  url       = {http://dx.doi.org/10.1007/978-3-642-22792-9},
  doi       = {10.1007/978-3-642-22792-9},
  isbn      = {978-3-642-22791-2},
  timestamp = {Mon, 15 Aug 2011 21:26:36 +0200},
  biburl    = {http://dblp.uni-trier.de/rec/bib/conf/crypto/2011},
  bibsource = {dblp computer science bibliography, http://dblp.org}
}

@inproceedings{CF13,
  author    = {Dario Catalano and
               Dario Fiore},
  title     = {Vector Commitments and Their Applications},
  booktitle = {Public-Key Cryptography - {PKC} 2013 - 16th International Conference
               on Practice and Theory in Public-Key Cryptography, Nara, Japan, February
               26 - March 1, 2013. Proceedings},
  pages     = {55--72},
  year      = {2013},
  crossref  = {DBLP:conf/pkc/2013},
  url       = {http://dx.doi.org/10.1007/978-3-642-36362-7_5},
  doi       = {10.1007/978-3-642-36362-7_5},
  timestamp = {Tue, 05 Feb 2013 13:29:13 +0100},
  biburl    = {http://dblp.uni-trier.de/rec/bib/conf/pkc/CatalanoF13},
  bibsource = {dblp computer science bibliography, http://dblp.org},
  note = {Available at \url{http://eprint.iacr.org/2011/495}}
}
@proceedings{DBLP:conf/pkc/2013,
  editor    = {Kaoru Kurosawa and
               Goichiro Hanaoka},
  title     = {Public-Key Cryptography - {PKC} 2013 - 16th International Conference
               on Practice and Theory in Public-Key Cryptography, Nara, Japan, February
               26 - March 1, 2013. Proceedings},
  series    = {Lecture Notes in Computer Science},
  volume    = {7778},
  publisher = {Springer},
  year      = {2013},
  url       = {http://dx.doi.org/10.1007/978-3-642-36362-7},
  doi       = {10.1007/978-3-642-36362-7},
  isbn      = {978-3-642-36361-0},
  timestamp = {Tue, 05 Feb 2013 13:28:08 +0100},
  biburl    = {http://dblp.uni-trier.de/rec/bib/conf/pkc/2013},
  bibsource = {dblp computer science bibliography, http://dblp.org}
}

@unpublished{Whi15,
author = {Bill White},
title = {A Theory for Lightweight Cryptocurrency
Ledgers},
year = 2015,
note = {Available at \url{http://qeditas.org/lightcrypto.pdf} (see also code at \url{https://github.com/bitemyapp/ledgertheory})}
}

@article{PTT16,
  author    = {Charalampos Papamanthou and
               Roberto Tamassia and
               Nikos Triandopoulos},
  title     = {Authenticated Hash Tables Based on Cryptographic Accumulators},
  journal   = {Algorithmica},
  volume    = {74},
  number    = {2},
  pages     = {664--712},
  year      = {2016},
  url       = {http://dx.doi.org/10.1007/s00453-014-9968-3},
  doi       = {10.1007/s00453-014-9968-3},
  timestamp = {Wed, 27 Jan 2016 13:00:22 +0100},
  biburl    = {http://dblp.uni-trier.de/rec/bib/journals/algorithmica/PapamanthouTT16},
  bibsource = {dblp computer science bibliography, http://dblp.org}
}

@book{Wei06,
author = {Mark Allen Weiss},
title = {Data Structures and Algorithm Analysis in Java (Second Edition)},
publisher = {Pearson},
year = 2006
}

@misc{Pfa02,
author = {Ben Pfaff},
title = {{GNU} libavl 2.0.2},
note = {Available at \url{http://adtinfo.org/libavl.html/index.html}},
year = 2002
}

@misc{impl,
key = {code},
title = {Implementation of Authenticated Data Structures within Scorex},
note = {\url{https://github.com/input-output-hk/scrypto/}}
}

@misc{bscript,
key = {BSC},
title = {Script - Bitcoin Wiki},
note = {\url{https://en.bitcoin.it/wiki/Script}}
}

@misc{Java,
key = {JAV},
title = {The {Java} Programming Language},
note = {\url{http://www.java.org/}}
}

@misc{scala,
key = {SCL},
title = {The {Scala} Programming Language},
note = {\url{http://www.scala-lang.org/}}
}

@misc{scapi,
key = {SCP},
title = {Secure Computation API},
note = {\url{https://cyber.biu.ac.il/scapi/}}
}

@misc{bouncycastle,
key = {LBC},
title = {The Legion of the Bouncy Castle},
note = {\url{https://www.bouncycastle.org}}
}

@misc{nxt,
key = {nxt},
title = {The {Nxt} Cryptocurrency},
note = {\url{https://nxt.org/}}
}

@article{AVL62,
 author = {Adel'son-Vel'skii and Landis},
 title = {An algorithm for the organization of information},
journal = {Dokladi Akademia Nauk SSSR},
 volume = 146,
number = 2,
page = {263--266},
year=1962,
note ={English translation in Soviet Math. Doklady 3, 1962, 1259--1263}
}
@misc{Sed08,
  author    = {Robert Sedgewick},
  title = {Left-leaning Red-Black Trees},
  year = 2008,
note = {Available at \url{http://www.cs.princeton.edu/~rs/talks/LLRB/LLRB.pdf}}
}
@inproceedings{GB78,
  author    = {Leonidas J. Guibas and
               Robert Sedgewick},
  title     = {A Dichromatic Framework for Balanced Trees},
  booktitle = {19th Annual Symposium on Foundations of Computer Science, Ann Arbor,
               Michigan, USA, 16-18 October 1978},
  pages     = {8--21},
  year      = {1978},
  crossref  = {DBLP:conf/focs/FOCS19},
  url       = {http://dx.doi.org/10.1109/SFCS.1978.3},
  doi       = {10.1109/SFCS.1978.3},
  timestamp = {Tue, 16 Dec 2014 09:57:19 +0100},
  biburl    = {http://dblp.uni-trier.de/rec/bib/conf/focs/GuibasS78},
  bibsource = {dblp computer science bibliography, http://dblp.org},
  note = {Available from \url{http://professor.ufabc.edu.br/~jesus.mena/courses/mc3305-2q-2015/AED2-13-redblack-paper.pdf}}
}
@proceedings{DBLP:conf/focs/FOCS19,
  title     = {19th Annual Symposium on Foundations of Computer Science, Ann Arbor,
               Michigan, USA, 16-18 October 1978},
  publisher = {{IEEE} Computer Society},
  year      = {1978},
  url       = {http://ieeexplore.ieee.org/xpl/mostRecentIssue.jsp?punumber=4567951},
  timestamp = {Mon, 15 Dec 2014 18:48:44 +0100},
  biburl    = {http://dblp.uni-trier.de/rec/bib/conf/focs/FOCS19},
  bibsource = {dblp computer science bibliography, http://dblp.org}
}
@article{MR98,
  author    = {Conrado Mart{\'{\i}}nez and
               Salvador Roura},
  title     = {Randomized Binary Search Trees},
  journal   = {J. {ACM}},
  volume    = {45},
  number    = {2},
  pages     = {288--323},
  year      = {1998},
  url       = {http://doi.acm.org/10.1145/274787.274812},
  doi       = {10.1145/274787.274812},
  timestamp = {Wed, 19 Apr 2006 10:08:18 +0200},
  biburl    = {http://dblp.uni-trier.de/rec/bib/journals/jacm/MartinezR98},
  bibsource = {dblp computer science bibliography, http://dblp.org},
  note = {Availabel at \url{http://citeseer.ist.psu.edu/viewdoc/summary?doi=10.1.1.17.243}}
}
@article{SA96,
  author    = {Raimund Seidel and
               Cecilia R. Aragon},
  title     = {Randomized Search Trees},
  journal   = {Algorithmica},
  volume    = {16},
  number    = {4/5},
  pages     = {464--497},
  year      = {1996},
  url       = {http://dx.doi.org/10.1007/BF01940876},
  doi       = {10.1007/BF01940876},
  timestamp = {Wed, 18 May 2011 16:16:57 +0200},
  biburl    = {http://dblp.uni-trier.de/rec/bib/journals/algorithmica/SeidelA96},
  bibsource = {dblp computer science bibliography, http://dblp.org},
  note = {Available at \url{https://faculty.washington.edu/aragon/pubs/rst96.pdf}}
}

@article{CW11,
  author    = {Scott A. Crosby and
               Dan S. Wallach},
  title     = {Authenticated Dictionaries: Real-World Costs and Trade-Offs},
  journal   = {{ACM} Trans. Inf. Syst. Secur.},
  volume    = {14},
  number    = {2},
  pages     = {17},
  year      = {2011},
  url       = {http://doi.acm.org/10.1145/2019599.2019602},
  doi       = {10.1145/2019599.2019602},
  timestamp = {Thu, 03 Nov 2011 15:33:19 +0100},
  biburl    = {http://dblp.uni-trier.de/rec/bib/journals/tissec/CrosbyW11},
  bibsource = {dblp computer science bibliography, http://dblp.org},
  note = {Available at \url{http://tamperevident.cs.rice.edu/Storage.html}}
}
@inproceedings{AGT01,
  author    = {Aris Anagnostopoulos and
               Michael T. Goodrich and
               Roberto Tamassia},
  title     = {Persistent Authenticated Dictionaries and Their Applications},
  booktitle = {Information Security, 4th International Conference, {ISC} 2001, Malaga,
               Spain, October 1-3, 2001, Proceedings},
  pages     = {379--393},
  year      = {2001},
  crossref  = {DBLP:conf/isw/2001},
  url       = {http://dx.doi.org/10.1007/3-540-45439-X_26},
  doi       = {10.1007/3-540-45439-X_26},
  timestamp = {Tue, 28 Jun 2011 15:13:09 +0200},
  biburl    = {http://dblp.uni-trier.de/rec/bib/conf/isw/AnagnostopoulosGT01},
  bibsource = {dblp computer science bibliography, http://dblp.org},
  note = {Available at \url{http://aris.me/pubs/pad.pdf}}
}
@proceedings{DBLP:conf/isw/2001,
  editor    = {George I. Davida and
               Yair Frankel},
  title     = {Information Security, 4th International Conference, {ISC} 2001, Malaga,
               Spain, October 1-3, 2001, Proceedings},
  series    = {Lecture Notes in Computer Science},
  volume    = {2200},
  publisher = {Springer},
  year      = {2001},
  isbn      = {3-540-42662-0},
  timestamp = {Wed, 17 Apr 2002 08:43:13 +0200},
  biburl    = {http://dblp.uni-trier.de/rec/bib/conf/isw/2001},
  bibsource = {dblp computer science bibliography, http://dblp.org}
}

@article{NN00,
  author    = {Moni Naor and
               Kobbi Nissim},
  title     = {Certificate revocation and certificate update},
  journal   = {{IEEE} Journal on Selected Areas in Communications},
  volume    = {18},
  number    = {4},
  pages     = {561--570},
  year      = {2000},
  url       = {http://dx.doi.org/10.1109/49.839932},
  doi       = {10.1109/49.839932},
  timestamp = {Fri, 17 Feb 2012 09:46:39 +0100},
  biburl    = {http://dblp.uni-trier.de/rec/bib/journals/jsac/NaorN00},
  bibsource = {dblp computer science bibliography, http://dblp.org},
  note = {Available at \url{http://citeseerx.ist.psu.edu/viewdoc/summary?doi=10.1.1.41.7072}}
}

@inproceedings{BEGKN91,
  author    = {Manuel Blum and
               William S. Evans and
               Peter Gemmell and
               Sampath Kannan and
               Moni Naor},
  title     = {Checking the Correctness of Memories},
  booktitle = {32nd Annual Symposium on Foundations of Computer Science, San Juan,
               Puerto Rico, 1-4 October 1991},
  pages     = {90--99},
  year      = {1991},
  crossref  = {DBLP:conf/focs/FOCS32},
  url       = {http://dx.doi.org/10.1109/SFCS.1991.185352},
  doi       = {10.1109/SFCS.1991.185352},
  timestamp = {Tue, 16 Dec 2014 09:57:25 +0100},
  biburl    = {http://dblp.uni-trier.de/rec/bib/conf/focs/BlumEGKN91},
  bibsource = {dblp computer science bibliography, http://dblp.org},
  note = {Later appears as \cite{BEGKN94}, which is available at \url{http://citeseerx.ist.psu.edu/viewdoc/summary?doi=10.1.1.29.2991}}
}

@article{BEGKN94,
  author    = {Manuel Blum and
               William S. Evans and
               Peter Gemmell and
               Sampath Kannan and
               Moni Naor},
  title     = {Checking the Correctness of Memories},
  journal   = {Algorithmica},
  volume    = {12},
  number    = {2/3},
  pages     = {225--244},
  year      = {1994},
  url       = {http://dx.doi.org/10.1007/BF01185212},
  doi       = {10.1007/BF01185212},
  timestamp = {Wed, 18 May 2011 16:16:50 +0200},
  biburl    = {http://dblp.uni-trier.de/rec/bib/journals/algorithmica/BlumEGKN94},
  bibsource = {dblp computer science bibliography, http://dblp.org},
  note = {Available at \url{http://citeseerx.ist.psu.edu/viewdoc/summary?doi=10.1.1.29.2991}}}
}

@proceedings{DBLP:conf/focs/FOCS32,
  title     = {32nd Annual Symposium on Foundations of Computer Science, San Juan,
               Puerto Rico, 1-4 October 1991},
  publisher = {{IEEE} Computer Society},
  year      = {1991},
  url       = {http://ieeexplore.ieee.org/xpl/mostRecentIssue.jsp?punumber=379},
  isbn      = {0-8186-2445-0},
  timestamp = {Mon, 15 Dec 2014 18:48:44 +0100},
  biburl    = {http://dblp.uni-trier.de/rec/bib/conf/focs/FOCS32},
  bibsource = {dblp computer science bibliography, http://dblp.org}
}
@unpublished{Nak08,
author = {Satoshi Nakamoto},
title = {Bitcoin: A Peer-to-Peer Electronic Cash System},
year = 2008,
note = {\url{https://bitcoin.org/bitcoin.pdf}}
}

@inproceedings{PT07,
  author    = {Charalampos Papamanthou and
               Roberto Tamassia},
  title     = {Time and Space Efficient Algorithms for Two-Party Authenticated Data
               Structures},
  booktitle = {Information and Communications Security, 9th International Conference,
               {ICICS} 2007, Zhengzhou, China, December 12-15, 2007, Proceedings},
  pages     = {1--15},
  year      = {2007},
  crossref  = {DBLP:conf/icics/2007},
  url       = {http://dx.doi.org/10.1007/978-3-540-77048-0_1},
  doi       = {10.1007/978-3-540-77048-0_1},
  timestamp = {Tue, 21 Oct 2008 14:44:58 +0200},
  biburl    = {http://dblp.uni-trier.de/rec/bib/conf/icics/PapamanthouT07},
  bibsource = {dblp computer science bibliography, http://dblp.org},
  note = {Available at \url{http://www.ece.umd.edu/~cpap/published/cpap-rt-07.pdf}}
}
@proceedings{DBLP:conf/icics/2007,
  editor    = {Sihan Qing and
               Hideki Imai and
               Guilin Wang},
  title     = {Information and Communications Security, 9th International Conference,
               {ICICS} 2007, Zhengzhou, China, December 12-15, 2007, Proceedings},
  series    = {Lecture Notes in Computer Science},
  volume    = {4861},
  publisher = {Springer},
  year      = {2008},
  isbn      = {978-3-540-77047-3},
  timestamp = {Tue, 21 Oct 2008 14:44:58 +0200},
  biburl    = {http://dblp.uni-trier.de/rec/bib/conf/icics/2007},
  bibsource = {dblp computer science bibliography, http://dblp.org}
}

@inproceedings{DJ07,
  author    = {Brian C. Dean and
               Zachary H. Jones},
  title     = {Exploring the duality between skip lists and binary search trees},
  booktitle = {Proceedings of the 45th Annual Southeast Regional Conference, 2007,
               Winston-Salem, North Carolina, USA, March 23-24, 2007},
  pages     = {395--399},
  year      = {2007},
  crossref  = {DBLP:conf/ACMse/2007},
  url       = {http://doi.acm.org/10.1145/1233341.1233413},
  doi       = {10.1145/1233341.1233413},
  timestamp = {Wed, 02 May 2007 15:10:53 +0200},
  biburl    = {http://dblp.uni-trier.de/rec/bib/conf/ACMse/DeanJ07},
  bibsource = {dblp computer science bibliography, http://dblp.org},
  note = {Available at \url{https://people.cs.clemson.edu/~bcdean/skip_bst.pdf}}
}
@proceedings{DBLP:conf/ACMse/2007,
  editor    = {David John and
               Sandria N. Kerr},
  title     = {Proceedings of the 45th Annual Southeast Regional Conference, 2007,
               Winston-Salem, North Carolina, USA, March 23-24, 2007},
  publisher = {{ACM}},
  year      = {2007},
  isbn      = {978-1-59593-629-5},
  timestamp = {Wed, 02 May 2007 15:10:53 +0200},
  biburl    = {http://dblp.uni-trier.de/rec/bib/conf/ACMse/2007},
  bibsource = {dblp computer science bibliography, http://dblp.org}
}

@inproceedings{GPT07,
  author    = {Michael T. Goodrich and
               Charalampos Papamanthou and
               Roberto Tamassia},
  title     = {On the Cost of Persistence and Authentication in Skip Lists},
  booktitle = {Experimental Algorithms, 6th International Workshop, {WEA} 2007, Rome,
               Italy, June 6-8, 2007, Proceedings},
  pages     = {94--107},
  year      = {2007},
  crossref  = {DBLP:conf/wea/2007},
  url       = {http://dx.doi.org/10.1007/978-3-540-72845-0_8},
  doi       = {10.1007/978-3-540-72845-0_8},
  timestamp = {Thu, 28 Jun 2007 15:26:47 +0200},
  biburl    = {http://dblp.uni-trier.de/rec/bib/conf/wea/GoodrichPT07},
  bibsource = {dblp computer science bibliography, http://dblp.org},
  note = {Available at \url{http://cs.brown.edu/cgc/stms/papers/pers-auth.pdf}}
}
@proceedings{DBLP:conf/wea/2007,
  editor    = {Camil Demetrescu},
  title     = {Experimental Algorithms, 6th International Workshop, {WEA} 2007, Rome,
               Italy, June 6-8, 2007, Proceedings},
  series    = {Lecture Notes in Computer Science},
  volume    = {4525},
  publisher = {Springer},
  year      = {2007},
  isbn      = {978-3-540-72844-3},
  timestamp = {Thu, 28 Jun 2007 15:26:47 +0200},
  biburl    = {http://dblp.uni-trier.de/rec/bib/conf/wea/2007},
  bibsource = {dblp computer science bibliography, http://dblp.org}
}
@inproceedings{MHKS14,
  author    = {Andrew Miller and
               Michael Hicks and
               Jonathan Katz and
               Elaine Shi},
  title     = {Authenticated data structures, generically},
  booktitle = {The 41st Annual {ACM} {SIGPLAN-SIGACT} Symposium on Principles of
               Programming Languages, {POPL} '14, San Diego, CA, USA, January 20-21,
               2014},
  pages     = {411--424},
  year      = {2014},
  crossref  = {DBLP:conf/popl/2014},
  url       = {http://doi.acm.org/10.1145/2535838.2535851},
  doi       = {10.1145/2535838.2535851},
  timestamp = {Thu, 09 Jan 2014 08:32:32 +0100},
  biburl    = {http://dblp.uni-trier.de/rec/bib/conf/popl/MillerHKS14},
  bibsource = {dblp computer science bibliography, http://dblp.org},
  note = {Project page and full version at \url{http://amiller.github.io/lambda-auth/paper.html}}
}
@proceedings{DBLP:conf/popl/2014,
  editor    = {Suresh Jagannathan and
               Peter Sewell},
  title     = {The 41st Annual {ACM} {SIGPLAN-SIGACT} Symposium on Principles of
               Programming Languages, {POPL} '14, San Diego, CA, USA, January 20-21,
               2014},
  publisher = {{ACM}},
  year      = {2014},
  url       = {http://dl.acm.org/citation.cfm?id=2535838},
  isbn      = {978-1-4503-2544-8},
  timestamp = {Thu, 09 Jan 2014 08:21:22 +0100},
  biburl    = {http://dblp.uni-trier.de/rec/bib/conf/popl/2014},
  bibsource = {dblp computer science bibliography, http://dblp.org}
}
homebrowsesearchabout

@article{ORS04,
  author    = {Rafail Ostrovsky and
               Charles Rackoff and
               Adam D. Smith},
  title     = {Efficient Consistency Proofs for Generalized Queries on a Committed
               Database},
  journal   = {{IACR} Cryptology ePrint Archive},
  volume    = {2004},
  pages     = {170},
  year      = {2004},
  url       = {http://eprint.iacr.org/2004/170},
  timestamp = {Fri, 08 Apr 2016 07:34:31 +0200},
  biburl    = {http://dblp.uni-trier.de/rec/bib/journals/iacr/OstrovskyRS04},
  bibsource = {dblp computer science bibliography, http://dblp.org},
  note = {Available at \url{http://eprint.iacr.org/2004/170}}
}

@article{MNDGKS04,
  author    = {Charles U. Martel and
               Glen Nuckolls and
               Premkumar T. Devanbu and
               Michael Gertz and
               April Kwong and
               Stuart G. Stubblebine},
  title     = {A General Model for Authenticated Data Structures},
  journal   = {Algorithmica},
  volume    = {39},
  number    = {1},
  pages     = {21--41},
  year      = {2004},
  url       = {http://dx.doi.org/10.1007/s00453-003-1076-8},
  doi       = {10.1007/s00453-003-1076-8},
  timestamp = {Fri, 16 Jul 2004 14:34:49 +0200},
  biburl    = {http://dblp.uni-trier.de/rec/bib/journals/algorithmica/MartelNDGKS04},
  bibsource = {dblp computer science bibliography, http://dblp.org},
  note = {Available at \url{http://citeseerx.ist.psu.edu/viewdoc/summary?doi=10.1.1.75.3658}}
}

@unpublished{GTS01,
author={M.T. Goodrich and R. Tamassia and A. Schwerin},
title={Implementation of an authenticated dictionary with skip lists and commutative hashing},
note={Available at \url{http://cs.brown.edu/cgc/stms/papers/discex2001.pdf}; also presented in Proc. {DARPA} Information 
Survivability Conference \& Exposition {II} {(DISCEX II)}},
year = 2001
}


@unpublished{GT00,
 author = {M. T. Goodrich and R. Tamassia},
title={Efficient authenticated dictionaries
with skip lists and commutative hashing},
note = {Technical
Report, Johns Hopkins Information Security Institute; available at \url{http://cs.brown.edu/cgc/stms/papers/hashskip.pdf}},
year= 2000
}

@inproceedings{Mer89,
  author    = {Ralph C. Merkle},
  title     = {A Certified Digital Signature},
  booktitle = {Advances in Cryptology - {CRYPTO} '89, 9th Annual International Cryptology
               Conference, Santa Barbara, California, USA, August 20-24, 1989, Proceedings},
  pages     = {218--238},
  year      = {1989},
  crossref  = {DBLP:conf/crypto/1989},
  url       = {http://dx.doi.org/10.1007/0-387-34805-0_21},
  doi       = {10.1007/0-387-34805-0_21},
  timestamp = {Fri, 18 Sep 2009 09:03:51 +0200},
  biburl    = {http://dblp.uni-trier.de/rec/bib/conf/crypto/Merkle89},
  bibsource = {dblp computer science bibliography, http://dblp.org},
  note = {Available at \url{http://www.merkle.com/papers/Certified1979.pdf}}
}
@proceedings{DBLP:conf/crypto/1989,
  editor    = {Gilles Brassard},
  title     = {Advances in Cryptology - {CRYPTO} '89, 9th Annual International Cryptology
               Conference, Santa Barbara, California, USA, August 20-24, 1989, Proceedings},
  series    = {Lecture Notes in Computer Science},
  volume    = {435},
  publisher = {Springer},
  year      = {1990},
  isbn      = {3-540-97317-6},
  timestamp = {Thu, 07 Feb 2002 09:41:00 +0100},
  biburl    = {http://dblp.uni-trier.de/rec/bib/conf/crypto/1989},
  bibsource = {dblp computer science bibliography, http://dblp.org}
}

@inproceedings{BGM16,
  author    = {Iddo Bentov and
               Ariel Gabizon and
               Alex Mizrahi},
  title     = {Cryptocurrencies Without Proof of Work},
  booktitle = {Financial Cryptography and Data Security - {FC} 2016 International
               Workshops, BITCOIN, VOTING, and WAHC, Christ Church, Barbados, February
               26, 2016, Revised Selected Papers},
  pages     = {142--157},
  year      = {2016},
  crossref  = {DBLP:conf/fc/2016w},
  url       = {http://dx.doi.org/10.1007/978-3-662-53357-4_10},
  doi       = {10.1007/978-3-662-53357-4_10},
  timestamp = {Wed, 31 Aug 2016 11:20:19 +0200},
  biburl    = {http://dblp.uni-trier.de/rec/bib/conf/fc/BentovGM16},
  bibsource = {dblp computer science bibliography, http://dblp.org},
note = {Available at \url{http://arxiv.org/abs/1406.5694}}
}

@proceedings{DBLP:conf/fc/2016w,
  editor    = {Jeremy Clark and
               Sarah Meiklejohn and
               Peter Y. A. Ryan and
               Dan S. Wallach and
               Michael Brenner and
               Kurt Rohloff},
  title     = {Financial Cryptography and Data Security - {FC} 2016 International
               Workshops, BITCOIN, VOTING, and WAHC, Christ Church, Barbados, February
               26, 2016, Revised Selected Papers},
  series    = {Lecture Notes in Computer Science},
  volume    = {9604},
  publisher = {Springer},
  year      = {2016},
  url       = {http://dx.doi.org/10.1007/978-3-662-53357-4},
  doi       = {10.1007/978-3-662-53357-4},
  isbn      = {978-3-662-53356-7},
  timestamp = {Wed, 31 Aug 2016 11:18:50 +0200},
  biburl    = {http://dblp.uni-trier.de/rec/bib/conf/fc/2016w},
  bibsource = {dblp computer science bibliography, http://dblp.org}
}


@misc{kiayias2016,
    author = {Aggelos Kiayias and Ioannis Konstantinou and Alexander Russell and Bernardo David and Roman Oliynykov},
    title = {A Provably Secure Proof-of-Stake Blockchain Protocol},
    howpublished = {Cryptology ePrint Archive, Report 2016/889},
    year = {2016},
    note = {\url{http://eprint.iacr.org/2016/889}},
}

@unpublished{wood2014ethereum,
  title={Ethereum: A secure decentralised generalised transaction ledger},
  author={Wood, Gavin},
  year=2014,
  note={Available at \url{http://gavwood.com/Paper.pdf}}
}

@inproceedings{croman2016scaling,
  title={On scaling decentralized blockchains},
  author={Croman, Kyle and Decker, Christian and Eyal, Ittay and Gencer, Adem Efe and Juels, Ari and Kosba, Ahmed and Miller, Andrew and Saxena, Prateek and Shi, Elaine and G{\"u}n, Emin},
  booktitle={Proc. 3rd Workshop on Bitcoin and Blockchain Research},
  year={2016}
}

@inproceedings{decker2013information,
  title={Information propagation in the bitcoin network},
  author={Decker, Christian and Wattenhofer, Roger},
  booktitle={IEEE P2P 2013 Proceedings},
  pages={1--10},
  year={2013},
  organization={IEEE}
}

@inproceedings{sompolinsky2015secure,
  title={Secure high-rate transaction processing in Bitcoin},
  author={Sompolinsky, Yonatan and Zohar, Aviv},
  booktitle={International Conference on Financial Cryptography and Data Security},
  pages={507--527},
  year={2015},
  organization={Springer}
}

@inproceedings{eyal2016bitcoin,
  title={Bitcoin-NG: A scalable blockchain protocol},
  author={Eyal, Ittay and Gencer, Adem Efe and Sirer, Emin G{\"u}n and Van Renesse, Robbert},
  booktitle={13th USENIX Symposium on Networked Systems Design and Implementation (NSDI 16)},
  pages={45--59},
  year={2016}
}

@article{kokoris2016enhancing,
  title={Enhancing bitcoin security and performance with strong consistency via collective signing},
  author={Kokoris-Kogias, Eleftherios and Jovanovic, Philipp and Gailly, Nicolas and Khoffi, Ismail and Gasser, Linus and Ford, Bryan},
  journal={arXiv preprint arXiv:1602.06997},
  year={2016}
}

@inproceedings{aumasson2013blake2,
  title={{BLAKE2}: simpler, smaller, fast as {MD5}},
  author={Aumasson, Jean-Philippe and Neves, Samuel and Wilcox-O’Hearn, Zooko and Winnerlein, Christian},
  booktitle={International Conference on Applied Cryptography and Network Security},
  pages={119--135},
  year={2013},
  organization={Springer}
}

@misc{fullnodes,
  title={The Decline in Bitcoin Full Nodes},
  author={Parker, Luke},
  year=2015,
  note={\url{http://bravenewcoin.com/news/the-decline-in-bitcoins-full-nodes/}}
}

@misc{bitcoindos,
  title={{CVE}-2013-2293: New {DoS} vulnerability by Forcing Continuous Hard Disk Seek/Read Activity},
  author={Bitcoin Wiki},
  year=2013,
  note={\url{https://en.bitcoin.it/wiki/CVE-2013-2293}}
}

@misc{ethdos,
  title={Transaction spam attack: Next Steps},
  author={Vitalik Buterin},
  year=2016,
  note={\url{https://blog.ethereum.org/2016/09/22/transaction-spam-attack-next-steps/}}
}

@misc{geth,
  title={Official golang implementation of the Ethereum protocol},
  author={The Go Ethereum Team},
  year=2016,
  note={\url{http://geth.ethereum.org/}}
}

@misc{fivehrs,
  title={A Bitcoin transaction that takes 5 hours to verify},
  author={Sergio Lerner},
  year=2017,
  note={\url{https://bitslog.wordpress.com/2017/01/08/a-bitcoin-transaction-that-takes-5-hours-to-verify/}}
}

@misc{ethattacks,
  title={Ethereum Network Attacker’s IP Address Is Traceable},
  author={Bok Khoo},
  year=2016,
  note={\url{https://www.bokconsulting.com.au/blog/ethereum-network-attackers-ip-address-is-traceable/}}
}
`
@misc{VLQWikipedia,
  title={Variable-length quantity},
  note={\url{https://en.wikipedia.org/wiki/Variable-length_quantity}}
}

@misc{VLQRosetta,
  title={Variable-length quantity},
  note={\url{https://rosettacode.org/wiki/Variable-length_quantity}}
}

@misc{Reification,
  title={Reification},
  note={\url{https://en.wikipedia.org/wiki/Reification_(computer_science)}}
}

@misc{UbiqLang,
  title={Ubiquitous Language},
  note={\url{https://www.martinfowler.com/bliki/UbiquitousLanguage.html}}
}

@misc{WTFLang,
  title={The most WTF-y programming languages},
  note={\url{https://www.itworld.com/article/2833252/the-most-wtf-y-programming-languages.html}}
}

@book{dslbook,
  author = {Fowler, Martin},
  year = {2010},
  month = {01},
  pages = {},
  title = {Domain-Specific Languages},
  isbn = {0321712943}
}

@article{HudakDSL,
author = {Hudak, Paul},
title = {Building Domain-Specific Embedded Languages},
year = {1996},
issue_date = {December 1996},
publisher = {Association for Computing Machinery},
address = {New York, NY, USA},
volume = {28},
number = {4es},
issn = {0360-0300},
url = {https://doi.org/10.1145/242224.242477},
doi = {10.1145/242224.242477},
journal = {ACM Comput. Surv.},
month = dec,
pages = {196–es},
numpages = {1}
}
  
